@article{moore1995learning,
  title={Learning and teaching in virtual worlds: Implications of virtual reality for education},
  author={Moore, Paul},
  journal={Australasian Journal of Educational Technology},
  volume={11},
  number={2},
  year={1995}
}
@article{norton1994integrating,
  title={Integrating technology in schools: A cohort process for graduate level inquiry},
  author={Norton, Priscilla},
  journal={Journal of Information Technology for Teacher Education},
  volume={3},
  number={2},
  pages={163--174},
  year={1994},
  publisher={Taylor \& Francis}
}
@manual{web1,
	title  = "Global augmented/virtual reality market size 2016-2023",
    author = "Statista",
    note    = "https://www.statista.com/statistics/591181/global-augmented-virtual-reality-market-size/ ",
    year   = "2019 (accessed February 3, 2014)"
    }